<?xml version="1.0" encoding="UTF-8"?><record xmlns="http://www.loc.gov/MARC21/slim" xmlns:cinclude="http://apache.org/cocoon/include/1.0" xmlns:zs="http://www.loc.gov/zing/srw/">
  <leader>00381nz  a2200133n  4500</leader>
  <controlfield tag="001">no2008165522</controlfield>
  <controlfield tag="003">DLC</controlfield>
  <controlfield tag="005">20081110074852.0</controlfield>
  <controlfield tag="008">081107n| acannaabn          |n aaa     c</controlfield>
  <datafield tag="010" ind1=" " ind2=" ">
    <subfield code="a">no2008165522</subfield>
  </datafield>
  <datafield tag="035" ind1=" " ind2=" ">
    <subfield code="a">(OCoLC)oca07931475</subfield>
  </datafield>
  <datafield tag="040" ind1=" " ind2=" ">
    <subfield code="a">NdU</subfield>
    <subfield code="b">eng</subfield>
    <subfield code="c">NdU</subfield>
  </datafield>
  <datafield tag="100" ind1="1" ind2=" ">
    <subfield code="a">Shell, James D.</subfield>
  </datafield>
  <datafield tag="670" ind1=" " ind2=" ">
    <subfield code="a">Floods of December 1961 in Mississippi and adjoining states, 1962:</subfield>
    <subfield code="b">t.p. (James D. Shell)</subfield>
  </datafield>
</record>